@article{scikit-learn,
 title="Scikit-learn: Machine Learning in {P}ython",
 journal="Journal of Machine Learning Research",
 volume="12",
 pages="2825--2830",
 year="2011",
 author="Pedregosa, F. and Varoquaux, G. and Gramfort, A. and Michel, V.
         and Thirion, B. and Grisel, O. and Blondel, M. and Prettenhofer, P.
         and Weiss, R. and Dubourg, V. and Vanderplas, J. and Passos, A. and
         Cournapeau, D. and Brucher, M. and Perrot, M. and Duchesnay, E."
}
@article{Nieland2015,
title = "Using ontological inference and hierarchical matchmaking to overcome semantic heterogeneity in remote sensing-based biodiversity monitoring ",
journal = "International Journal of Applied Earth Observation and Geoinformation",
volume = "37",
number = "0",
pages = "133 - 141",
year = "2015",
note = "Special Issue on Earth observation for habitat mapping and biodiversity monitoring ",
issn = "0303-2434",
doi = "http://dx.doi.org/10.1016/j.jag.2014.09.018",
url = "http://www.sciencedirect.com/science/article/pii/S0303243414002220",
author = {Simon Nieland and Birgit Kleinschmit and Michael F{\"{o}}rster}
}
@article{PerezLuque2015,
title = "An ontological system based on \{MODIS\} images to assess ecosystem functioning of Natura 2000 habitats: A case study for Quercus pyrenaica forests ",
journal = "International Journal of Applied Earth Observation and Geoinformation ",
volume = "37",
number = "0",
pages = "142 - 151",
year = "2015",
note = "Special Issue on Earth observation for habitat mapping and biodiversity monitoring ",
issn = "0303-2434",
doi = "http://dx.doi.org/10.1016/j.jag.2014.09.003",
url = "http://www.sciencedirect.com/science/article/pii/S0303243414001974",
author = "A.J. Prez-Luque and R. P{\'{e}}rez-P{\'{e}}rez and F.J. Bonet-Garc{\'{i}}a and P.J. Maga{\~{n}}a,
}
@article{Shalaby2007,
title = "Remote sensing and \{GIS\} for mapping and monitoring land cover and land-use changes in the Northwestern coastal zone of Egypt ",
journal = "Applied Geography",
volume = "27",
number = "1",
pages = "28 - 41",
year = "2007",
issn = "0143-6228",
doi = "http://dx.doi.org/10.1016/j.apgeog.2006.09.004",
url = "http://www.sciencedirect.com/science/article/pii/S0143622806000154",
author = "Adel Shalaby and Ryutaro Tateishi"
}
@article{Timm2012,
title = "Fine-scale remotely-sensed cover mapping of coastal dune and salt marsh ecosystems at Cape Cod National Seashore using Random Forests ",
journal = "Remote Sensing of Environment ",
volume = "127",
number = "0",
pages = "106 - 117",
year = "2012",
issn = "0034-4257",
doi = "http://dx.doi.org/10.1016/j.rse.2012.08.033",
url = "http://www.sciencedirect.com/science/article/pii/S0034425712003525",
author = "Brad C. Timm and Kevin McGarigal"
}
@article{Huang2002,
author = {Huang, C. and Davis, L. S. and Townshend, J. R. G.},
title = {An assessment of support vector machines for land cover classification},
journal = {International Journal of Remote Sensing},
volume = {23},
number = {4},
pages = {725-749},
year = {2002},
doi = {10.1080/01431160110040323}
}
@article{Ding2007,
title = "Quantifying Land Use Change in Zhejiang Coastal Region, China Using Multi-Temporal Landsat TM/ETM+ Images ",
journal = "Pedosphere ",
volume = "17",
number = "6",
pages = "712 - 720",
year = "2007",
issn = "1002-0160",
doi = "http://dx.doi.org/10.1016/S1002-0160(07)60086-1",
url = "http://www.sciencedirect.com/science/article/pii/S1002016007600861",
author = "Han DING and Ren-Chao WANG and Jia-Ping WU and Bin ZHOU and Zhou SHI and Li-Xia DING"
}
@article{Churches2014,
title = "Evaluation of forest cover estimates for Haiti using supervised classification of Landsat data ",
journal = "International Journal of Applied Earth Observation and Geoinformation ",
volume = "30",
number = "0",
pages = "203 - 216",
year = "2014",
issn = "0303-2434",
doi = "http://dx.doi.org/10.1016/j.jag.2014.01.020",
url = "http://www.sciencedirect.com/science/article/pii/S0303243414000300",
author = "Christopher E. Churches and Peter J. Wampler and Wanxiao Sun and Andrew J. Smith"
}
@article{Chan2008,
title = "Evaluation of Random Forest and Adaboost tree-based ensemble classification and spectral band selection for ecotope mapping using airborne hyperspectral imagery ",
journal = "Remote Sensing of Environment ",
volume = "112",
number = "6",
pages = "2999 - 3011",
year = "2008",
issn = "0034-4257",
doi = "http://dx.doi.org/10.1016/j.rse.2008.02.011",
url = "http://www.sciencedirect.com/science/article/pii/S0034425708000679",
author = "Jonathan Cheung-Wai Chan and Desir\'e Paelinckx"
}
@article{Bayoudh201531,
title = "Structural knowledge learning from maps for supervised land cover/use classification: Application to the monitoring of land cover/use maps in French Guiana ",
journal = "Computers & Geosciences ",
volume = "76",
number = "0",
pages = "31 - 40",
year = "2015",
issn = "0098-3004",
doi = "http://dx.doi.org/10.1016/j.cageo.2014.08.013",
url = "http://www.sciencedirect.com/science/article/pii/S0098300414002192",
author = "Meriam Bayoudh and Emmanuel Roux and Gilles Richard and Richard Nock"
}
@article{Forestier2012470,
title = "Knowledge-based region labeling for remote sensing image interpretation ",
journal = "Computers, Environment and Urban Systems ",
volume = "36",
number = "5",
pages = "470 - 480",
year = "2012",
issn = "0198-9715",
doi = "http://dx.doi.org/10.1016/j.compenvurbsys.2012.01.003",
url = "http://www.sciencedirect.com/science/article/pii/S019897151200004X",
author = "G. Forestier and A. Puissant and C. Wemmert and P.  Gan{\c{c}}arski"
}
@INPROCEEDINGS{1246729,
author={Mezaris, V. and Kompatsiaris, I. and Strintzis, M.G.},
booktitle={Image Processing, 2003. ICIP 2003. Proceedings. 2003 International Conference on},
title={An ontology approach to object-based image retrieval},
year={2003},
month={Sept},
volume={2},
pages={II-511-14 vol.3},
keywords={feature extraction;image retrieval;image segmentation;relevance feedback;visual databases;image collection;intermediate-level descriptors;low-level features;object ontology;object-based image retrieval;relevance feedback mechanism;unsupervised segmentation algorithm;Feedback;Image databases;Image retrieval;Image segmentation;Indexing;Information retrieval;Ontologies;Shape;Spatial databases;Vocabulary},
doi={10.1109/ICIP.2003.1246729},
ISSN={1522-4880}
}
@article {Janowicz2012,
author = {Janowicz, Krzysztof},
title = {Observation-Driven Geo-Ontology Engineering},
journal = {Transactions in GIS},
volume = {16},
number = {3},
publisher = {Blackwell Publishing Ltd},
issn = {1467-9671},
url = {http://dx.doi.org/10.1111/j.1467-9671.2012.01342.x},
doi = {10.1111/j.1467-9671.2012.01342.x},
pages = {351--374},
year = {2012},
}
@book{frank2003ontology,
  title={Ontology for spatio-temporal databases},
  author={Frank, Andrew U},
  year={2003},
  publisher={Springer}
}
@article{Neumann200882,
title = "On scene interpretation with description logics ",
journal = "Image and Vision Computing ",
volume = "26",
number = "1",
pages = "82 - 101",
year = "2008",
note = "Cognitive Vision-Special Issue ",
issn = "0262-8856",
doi = "http://dx.doi.org/10.1016/j.imavis.2007.08.013",
url = "http://www.sciencedirect.com/science/article/pii/S0262885607001394",
author = "Bernd Neumann and Ralf M{\"{u}}ller"
}
@article{diSciascio2013,
title = "Towards a Semi-automatic Semantic Approach for Satellite Image Analysis ",
journal = "Procedia Computer Science ",
volume = "22",
number = "0",
pages = "1388 - 1397",
year = "2013",
note = "17th International Conference in Knowledge Based and Intelligent Information and Engineering Systems - \{KES2013\} ",
issn = "1877-0509",
doi = "http://dx.doi.org/10.1016/j.procs.2013.11.057",
url = "http://www.sciencedirect.com/science/article/pii/S1877050913012702",
author = "Cecilia di Sciascio and Cecilia Zanni-Merk and C{\'e}dric Wemmert and Stella Marc-Zwecker and Fran{\c{c}}ois de Bertrand de Beuvron"
}
@INPROCEEDINGS{Sheeren2006ML,
author={Sheeren, D. and Quirin, A. and Puissant, A. and Gan{\c{c}}arski, P. and Weber, C.},
booktitle={Geoscience and Remote Sensing Symposium, 2006. IGARSS 2006. IEEE International Conference on},
title={Discovering Rules with Genetic Algorithms to Classify Urban Remotely Sensed Data},
year={2006},
month={July},
pages={3919-3922},
keywords={Data mining;Feature extraction;Genetic algorithms;Genetic programming;Image analysis;Image segmentation;Knowledge acquisition;Laboratories;Ontologies;Remote sensing},
doi={10.1109/IGARSS.2006.1005},
}
@article{Sheeren2006DM,
  title={Deriving classification rules from multiple remotely sensed urban data with data mining},
  author={Sheeren, D and Puissant, A and Weber, C and Gan{\c{c}}arski, P and Wemmert, C},
  journal={Proceedings of the 1 st Workshop of the EARSeL SIG on Urban Remote Sensing},
  pages={2--3},
  year={2006}
}
@inproceedings{Srikanth:2005:EOA:1076034.1076128,
 author = {Srikanth, Munirathnam and Varner, Joshua and Bowden, Mitchell and Moldovan, Dan},
 title = {Exploiting Ontologies for Automatic Image Annotation},
 booktitle = {Proceedings of the 28th Annual International ACM SIGIR Conference on Research and Development in Information Retrieval},
 series = {SIGIR '05},
 year = {2005},
 isbn = {1-59593-034-5},
 location = {Salvador, Brazil},
 pages = {552--558},
 numpages = {7},
 url = {http://doi.acm.org/10.1145/1076034.1076128},
 doi = {10.1145/1076034.1076128},
 acmid = {1076128},
 publisher = {ACM},
 address = {New York, NY, USA},
 keywords = {automatic image annotation, hierarchical classification models, image retrieval, ontologies, translation models},
} 
@inproceedings{hyvonen2003ontology,
  title={Ontology-Based Image Retrieval.},
  author={Hyv{\"o}nen, Eero and Saarela, Samppa and Styrman, Avril and Viljanen, Kim},
  booktitle={WWW (Posters)},
  year={2003}
}
@article{yu2006object,
  title={Object-based detailed vegetation classification with airborne high spatial resolution remote sensing imagery},
  author={Yu, Qian and Gong, Peng and Clinton, Nick and Biging, Greg and Kelly, Maggi and Schirokauer, Dave},
  journal={Photogrammetric Engineering \& Remote Sensing},
  volume={72},
  number={7},
  pages={799--811},
  year={2006},
  publisher={American Society for Photogrammetry and Remote Sensing}
}
@inproceedings{kokar2002using,
  title={Using ontologies for recognition: an example},
  author={Kokar, Mieczyslaw M and Wang, Jiao},
  booktitle={Procedings of the Fifth International Conference on Information Fusion; Volume II},
  volume={2},
  pages={1324--1330},
  year={2002}
}
@article{Kohli2012154,
title = "An ontology of slums for image-based classification ",
journal = "Computers, Environment and Urban Systems ",
volume = "36",
number = "2",
pages = "154 - 163",
year = "2012",
note = "Special Issue: Geoinformatics 2010 ",
issn = "0198-9715",
doi = "http://dx.doi.org/10.1016/j.compenvurbsys.2011.11.001",
url = "http://www.sciencedirect.com/science/article/pii/S0198971511001128",
author = "Divyani Kohli and Richard Sliuzas and Norman Kerle and Alfred Stein"
}
@article{gruber1993,
  title={A translation approach to portable ontology specifications},
  author={Gruber, Thomas R},
  journal={Knowledge acquisition},
  volume={5},
  number={2},
  pages={199--220},
  year={1993},
  publisher={Elsevier}
}
@article{Gao2011,
author = {Gao, Yan and Marpu, Prashanth and Niemeyer, Imgard and Runfola, Daniel   Miller and Giner, Nicholas M. and Hamill, Thomas and Pontius, Robert   Gilmore},
title = {Object-based classification with features extracted by a semi-automatic feature extraction algorithm – SEaTH},
journal = {Geocarto International},
volume = {26},
number = {3},
pages = {211-226},
year = {2011},
doi = {10.1080/10106049.2011.556754},
URL = {http://dx.doi.org/10.1080/10106049.2011.556754},
eprint = {http://dx.doi.org/10.1080/10106049.2011.556754}
}
@INPROCEEDINGS{Nussbaum2006,
      author       = {Nussbaum, S. and Niemeyer, I. and Canty, M. J.},
      title        = {{SE}a{TH} - {A} new tool for automated feature extraction
                      in the context of object-oriented image analysis},
      year         = {2006},
      note         = {Record converted from VDB: 12.11.2012},
      comment      = {Proceedings of the 1st International Conference on
                      Object-based Image Analysis (OBIA 2006), Salzburg, 4-5 July
                      2006. - 2006. - (ISPRS ; XXXVI – 4/C42). - o.Z.},
      booktitle     = {Proceedings of the 1st International
                       Conference on Object-based Image
                       Analysis (OBIA 2006), Salzburg, 4-5
                       July 2006. - 2006. - (ISPRS ; XXXVI –
                       4/C42). - o.Z.},
      cin          = {STE},
      cid          = {I:(DE-Juel1)VDB64},
      pnm          = {Nachhaltige Entwicklung und Technik},
      pid          = {G:(DE-Juel1)FUEK408},
      typ          = {PUB:(DE-HGF)8 / PUB:(DE-HGF)7},
      url          = {http://juser.fz-juelich.de/record/55337},
}
@inproceedings{nussbaum2006seath,
  title={SEATH--a new tool for automated feature extraction in the context of object-based image analysis},
  author={Nussbaum, S and Niemeyer, I and Canty, MJ},
  booktitle={1st International Conference on Object-based Image Analysis (OBIA). Salzburg: Austria},
  year={2006}
}
@ARTICLE{Smeulders00content-basedimage,
    author = {Arnold W. M. Smeulders and Marcel Worring and Simone Santini and Amarnath Gupta and Ramesh Jain},
    title = {Content-based image retrieval at the end of the early years},
    journal = {IEEE TRANSACTIONS ON PATTERN ANALYSIS AND MACHINE INTELLIGENCE},
    year = {2000},
    volume = {22},
    number = {12},
    pages = {1349--1380}
}
@INPROCEEDINGS{Gruber93towardprinciples,
    author = {Thomas R. Gruber},
    title = {Toward Principles for the Design of Ontologies Used for Knowledge Sharing},
    booktitle = {IN FORMAL ONTOLOGY IN CONCEPTUAL ANALYSIS AND KNOWLEDGE REPRESENTATION, KLUWER ACADEMIC PUBLISHERS, IN PRESS. SUBSTANTIAL REVISION OF PAPER PRESENTED AT THE INTERNATIONAL WORKSHOP ON FORMAL ONTOLOGY},
    year = {1993},
    publisher = {Kluwer Academic Publishers}
}
@article{Blaschke2014180,
title = "Geographic Object-Based Image Analysis “ Towards a new paradigm ",
journal = "\{ISPRS\} Journal of Photogrammetry and Remote Sensing ",
volume = "87",
number = "0",
pages = "180 - 191",
year = "2014",
issn = "0924-2716",
doi = "http://dx.doi.org/10.1016/j.isprsjprs.2013.09.014",
url = "http://www.sciencedirect.com/science/article/pii/S0924271613002220",
author = "Thomas Blaschke and Geoffrey J. Hay and Maggi Kelly and Stefan Lang and Peter Hofmann and Elisabeth Addink and Raul Queiroz Feitosa and Freek van der Meer and Harald van der Werff and Frieke van Coillie and Dirk Tiede"
}
@article{Blaschke20102,
title = "Object based image analysis for remote sensing ",
journal = "\{ISPRS\} Journal of Photogrammetry and Remote Sensing ",
volume = "65",
number = "1",
pages = "2 - 16",
year = "2010",
dissn = "0924-2716",
doi = "http://dx.doi.org/10.1016/j.isprsjprs.2009.06.004",
url = "http://www.sciencedirect.com/science/article/pii/S0924271609000884",
author = "T. Blaschke"
}
@article{Lucas2014,
title = "The Earth Observation Data for Habitat Monitoring (EODHaM) system ",
journal = "International Journal of Applied Earth Observation and Geoinformation ",
number = "0",
pages = " - ",
year = "2014",
issn = "0303-2434",
doi = "http://dx.doi.org/10.1016/j.jag.2014.10.011",
url = "http://www.sciencedirect.com/science/article/pii/S0303243414002347",
author = {Richard Lucas and Palma Blonda and Peter Bunting and Gwawr Jones and Jordi Inglada and Marcela Arias and Vasiliki Kosmidou and Zisis I. Petrou and Ioannis Manakos and Maria Adamo and Rebecca Charnock and Cristina Tarantino and Caspar A. M\"{u}cher and Rob H.G. Jongman and Henk Kramer and Damien Arvor and Jo\={a}o Pradinho Honrado and Paola Mairota}
}
@article{Kobler2006,
author = {Kobler, Andrej and D\v{z}eroski, Sa\v{s}o and Keramitsoglou, Iphigenia},
file = {:C$\backslash$:/Users/Nieland/tubcloud/Shared/geoinformation\_member/Documents/Kobler, Deroski, Keramitsoglou - 2006.pdf:pdf},
issn = {03043800},
journal = {Ecological Modelling},
keywords = {classification,habitat mapping,satellite imagery},
month = jan,
number = {1},
pages = {83--95},
title = {{Habitat mapping using machine learning-extended kernel-based reclassification of an Ikonos satellite image}},
url = {http://linkinghub.elsevier.com/retrieve/pii/S0304380005003510},
volume = {191},
year = {2006}
}
@inproceedings{Andres2013a,
author = {Andr\'{e}s, S and Pierkot, C and Arvor, Damien and Andr, Samuel},
booktitle = {The Fifth International Conference on Advanced Geographic Information Systems, Applications, and Services},
file = {:C$\backslash$:/Users/Nieland/tubcloud/Shared/geoinformation\_member/Documents/Andrs, Pierkot, Arvor - 2013.pdf:pdf},
isbn = {9781612082516},
number = {c},
pages = {99--104},
title = {{Towards a Semantic Interpretation of Satellite Images by Using Spatial Relations Defined in Geographic Standards}},
url = {http://www.thinkmind.org/index.php?view=article\&articleid=geoprocessing\_2013\_4\_40\_30068},
year = {2013}
}
@article{Arvor2013,
author = {Arvor, Damien and Durieux, Laurent and Andr\'{e}s, Samuel and Laporte, Marie-Ang\'{e}lique},
doi = {10.1016/j.isprsjprs.2013.05.003},
file = {:C$\backslash$:/Users/Nieland/tubcloud/Shared/geoinformation\_member/Documents/Arvor et al. - 2013.pdf:pdf},
issn = {09242716},
journal = {ISPRS Journal of Photogrammetry and Remote Sensing},
month = aug,
pages = {125--137},
publisher = {International Society for Photogrammetry and Remote Sensing, Inc. (ISPRS)},
title = {{Advances in Geographic Object-Based Image Analysis with ontologies: A review of main contributions and limitations from a remote sensing perspective}},
volume = {82},
year = {2013}
}
@article{Gray2005,
author = {Gray, Jim and Liu, David T. and Nieto-Santisteban, Maria and Szalay, Alex and DeWitt, David J. and Heber, Gerd},
issn = {01635808},
journal = {ACM SIGMOD Record},
month = dec,
number = {4},
pages = {34--41},
title = {{Scientific data management in the coming decade}},
url = {http://www.scopus.com/inward/record.url?eid=2-s2.0-31444455748\&partnerID=tZOtx3y1},
volume = {34},
year = {2005}
}
@article{A2005,
author = {Kavouras, Marinos and Kokla, Margarita and Tomai, Eleni},
file = {:C$\backslash$:/Users/Nieland/tubcloud/Shared/geoinformation\_member/Documents/Kavouras, Kokla, Tomai - 2005.pdf:pdf},
issn = {00983004},
journal = {Computers \& Geosciences},
keywords = {geographic ontologies,semantic properties,semantic relations,similarity},
month = mar,
number = {2},
pages = {145--154},
title = {{Comparing categories among geographic ontologies}},
volume = {31},
year = {2005}
}
@article{Reitsma2009,
author = {Reitsma, Femke and Laxton, John and Ballard, Stuart and Kuhn, Werner and Abdelmoty, Alia},
doi = {10.1016/j.cageo.2008.03.014},
file = {:C$\backslash$:/Users/Nieland/tubcloud/Shared/geoinformation\_member/Documents/Reitsma et al. - 2009.pdf:pdf},
issn = {00983004},
journal = {Computers \& Geosciences},
keywords = {escience,geoscience,geosciml,geosemantic,grid,ontologies},
month = apr,
number = {4},
pages = {706--709},
title = {{Semantics, ontologies and eScience for the geosciences}},
volume = {35},
year = {2009}
}
@article{Schuster2011,
author = {Schuster, Christian and Ali, Iftikhar and Lohmann, Peter and Frick, Annett and F\"{o}rster, Michael and Kleinschmit, Birgit},
file = {:C$\backslash$:/Users/Nieland/tubcloud/Shared/geoinformation\_member/Documents/Schuster et al. - 2011.pdf:pdf},
issn = {2072-4292},
journal = {Remote Sensing},
month = jun,
number = {12},
pages = {1308--1322},
title = {{Towards Detecting Swath Events in TerraSAR-X Time Series to Establish NATURA 2000 Grassland Habitat Swath Management as Monitoring Parameter}},
url = {http://www.mdpi.com/2072-4292/3/7/1308/},
volume = {3},
year = {2011}
}
@article{Halder2009,
author = {Halder, Anindya and Ghosh, A and Ghosh, S},
doi = {10.3233/FI-2009-78},
file = {:C$\backslash$:/Users/Nieland/tubcloud/Shared/geoinformation\_member/Documents/Halder - 2009.pdf:pdf},
journal = {Fundamenta Informaticae},
keywords = {aggregation pheromone,ant colony optimization,pattern classifi-,swarm intelligence},
pages = {345--362},
title = {{Aggregation pheromone density based pattern classification}},
volume = {92},
year = {2009}
}
@INPROCEEDINGS{Hudelot2003,
author={Hudelot, C. and Thonnat, M.},
booktitle={Tools with Artificial Intelligence, 2003. Proceedings. 15th IEEE International Conference on},
title={A cognitive vision platform for automatic recognition of natural complex objects},
year={2003},
month={Nov},
pages={398-405},
keywords={computer vision;knowledge based systems;medical computing;object recognition;KBS;automatic recognition;cognitive vision platform;distributed platform architecture;intelligent image processing;knowledge based system;natural complex objects;natural object recognition problem;numerical data mapping;numerical object description;semantic interpretation;symbolic data;Artificial intelligence;Computer architecture;Computer vision;Diseases;Fungi;Image processing;Image recognition;Knowledge based systems;Layout;Object recognition},
doi={10.1109/TAI.2003.1250217},
ISSN={1082-3409},}
@Article{Belgiu2014,
AUTHOR = {Belgiu, Mariana and Tomljenovic, Ivan and Lampoltshammer, Thomas J. and Blaschke, Thomas and Höfle, Bernhard},
TITLE = {Ontology-Based Classification of Building Types Detected from Airborne Laser Scanning Data},
JOURNAL = {Remote Sensing},
VOLUME = {6},
YEAR = {2014},
NUMBER = {2},
PAGES = {1347--1366},
URL = {http://www.mdpi.com/2072-4292/6/2/1347},
ISSN = {2072-4292},
DOI = {10.3390/rs6021347}
}
@article{Congalton1991a,
abstract = {This paper reviews the necessary considerations and available techniques for assessing the accuracy of remotely sensed data. Included in this review are the classification system, the sampling scheme, the sample size, spatial autocorrelation, and the assessment techniques. All analysis is based on the use of an error matrix or contingency table. Example matrices and results of the analysis are presented. Future trends including the need for assessment of other spatial data are also discussed.},
author = {Congalton, Russell G.},
doi = {10.1016/0034-4257(91)90048-B},
file = {:C$\backslash$:/Users/Nieland/AppData/Local/Mendeley Ltd/Mendeley Desktop/Downloaded/Congalton - 1991.pdf:pdf},
issn = {00344257},
journal = {Remote Sensing of Environment},
month = jul,
number = {1},
pages = {35--46},
title = {{A review of assessing the accuracy of classifications of remotely sensed data}},
volume = {37},
year = {1991}
}
@article{Lucas2015,
title = "The Earth Observation Data for Habitat Monitoring (EODHaM) system ",
journal = "International Journal of Applied Earth Observation and Geoinformation ",
volume = "37",
number = "0",
pages = "17\--28",
year = "2015",
note = "Special Issue on Earth observation for habitat mapping and biodiversity monitoring ",
issn = "0303-2434",
doi = "http://dx.doi.org/10.1016/j.jag.2014.10.011",
url = "http://www.sciencedirect.com/science/article/pii/S0303243414002347",
author = {Richard Lucas and Palma Blonda and Peter Bunting and Gwawr Jones and Jordi Inglada and Marcela Arias and Vasiliki Kosmidou and Zisis I. Petrou and Ioannis Manakos and Maria Adamo and Rebecca Charnock and Cristina Tarantino and Caspar A. M\"{u}cher and Rob H.G. Jongman and Henk Kramer and Damien Arvor and Jo\={a}o Pradinho Honrado and Paola Mairota}
}
@article{Rocchini2010,
author = {Rocchini, Duccio and Balkenhol, Niko and Carter, Gregory a. and Foody, Giles M. and Gillespie, Thomas W. and He, Kate S. and Kark, Salit and Levin, Noam and Lucas, Kelly and Luoto, Miska and Nagendra, Harini and Oldeland, Jens and Ricotta, Carlo and Southworth, Jane and Neteler, Markus},
doi = {10.1016/j.ecoinf.2010.06.001},
file = {:C$\backslash$:/Users/Nieland/tubcloud/Shared/geoinformation\_member/Documents/Rocchini et al. - 2010.pdf:pdf},
issn = {15749541},
journal = {Ecological Informatics},
month = sep,
number = {5},
pages = {318--329},
publisher = {Elsevier B.V.},
title = {{Remotely sensed spectral heterogeneity as a proxy of species diversity: Recent advances and open challenges}},
volume = {5},
year = {2010}
}
@inproceedings{Thoonen2010,
author = {Thoonen, G and Spanhove, T and Haest, B and Borre, J Vanden and Scheunders, P},
booktitle = {Geoscience and Remote Sensing Symposium (IGARSS)},
file = {:C$\backslash$:/Users/Nieland/tubcloud/Shared/geoinformation\_member/Documents/Thoonen et al. - 2010.pdf:pdf},
isbn = {9781424495665},
pages = {2707--2710},
title = {{Habitat mapping and quality assessment of heathlands using a modified kernel-based reclassification technique}},
year = {2010}
}
@misc{CouncilDirective92/43/EEC1992,
author = {{(Council Directive) 92/43/EEC}, CD},
file = {:C$\backslash$:/Users/Nieland/tubcloud/Shared/geoinformation\_member/Documents/(Council Directive) 9243EEC - 1992.pdf:pdf},
number = {April 1979},
pages = {1--52},
title = {{The conservation of natural habitats and of wild fauna and flora}},
year = {1992}
}
@inproceedings{Frick2000,
address = {Hannover},
author = {Frick, A and Weyer, G},
booktitle = {ISPRS Workshop 2005 - High Resolution Earth Imaging for Geospatial Information},
file = {:C$\backslash$:/Users/Nieland/tubcloud/Shared/geoinformation\_member/Documents/Frick et al. - 2000.pdf:pdf},
keywords = {classification,hierarchical,knowledge base,monitoring,quickbird,vegetation},
title = {{A knowledge-based approach to vegetation monitoring with Quickbird imagery}},
year = {2005}
}
@article{Myint20111145,
title = "Per-pixel vs. object-based classification of urban land cover extraction using high spatial resolution imagery ",
journal = "Remote Sensing of Environment ",
volume = "115",
number = "5",
pages = "1145 - 1161",
year = "2011",
issn = "0034-4257",
doi = "http://dx.doi.org/10.1016/j.rse.2010.12.017",
url = "http://www.sciencedirect.com/science/article/pii/S0034425711000034",
author = "Soe W. Myint and Patricia Gober and Anthony Brazel and Susanne Grossman-Clarke and Qihao Weng"
}
